<?xml version="1.0" encoding="UTF-8"?><record xmlns="http://www.loc.gov/MARC21/slim" xmlns:cinclude="http://apache.org/cocoon/include/1.0" xmlns:zs="http://www.loc.gov/zing/srw/">
  <leader>00427cz  a2200133n  4500</leader>
  <controlfield tag="001">n  84027737 </controlfield>
  <controlfield tag="003">DLC</controlfield>
  <controlfield tag="005">20021001095712.0</controlfield>
  <controlfield tag="008">840430n| acannaab           |n aaa      </controlfield>
  <datafield tag="010" ind1=" " ind2=" ">
    <subfield code="a">n  84027737 </subfield>
  </datafield>
  <datafield tag="040" ind1=" " ind2=" ">
    <subfield code="a">DLC</subfield>
    <subfield code="c">DLC</subfield>
    <subfield code="d">DLC</subfield>
  </datafield>
  <datafield tag="100" ind1="1" ind2=" ">
    <subfield code="a">Harris, Arthur H.</subfield>
  </datafield>
  <datafield tag="670" ind1=" " ind2=" ">
    <subfield code="a">Lang, R.W. The faunal remains from Arroyo Hondo Pueblo, New Mexico, c1984:</subfield>
    <subfield code="b">CIP t.p. (Arthur H. Harris)</subfield>
  </datafield>
  <datafield tag="670" ind1=" " ind2=" ">
    <subfield code="a">LC data base, 4/25/84</subfield>
    <subfield code="b">(hdg.: Harris, Arthur H.)</subfield>
  </datafield>
</record>